@Book{Floyd2008,
  author = 	 {Floyd Thomas L.},
  title = 	 {Dispositivos Electrónicos},
  publisher = 	 {Pearson Prentice Hall},
  year = 	 2008,
  edition =	 {8va}
}

@Book{Behzad2013,
  author =       {Behzad R.},
  title =        {Fundamentals of Microelectronics},
  publisher =    {Wiley},
  year =         2013,
  edition =      {2da}  
}


@Book{Schilling1994,
  author = 	 {Schilling D.},
  title = 	 {Circuitos Electrónicos Discretos e Integrados},
  publisher = 	 {McGraw-Hill},
  year = 	 1994,
  edition =	 {3ra}
}

@Book{Pierret1994,
  author =       {R. Pierret},
  title =        {Dispositivos de efecto de campo. Colección temas selectos de ingeniería},
  publisher =    {Adisson-Wesley Iberoamericana},
  year =         1994
}

@Book{Malik1996,
  author =	 {Malik, Norbert R.},
  title = 	 {Circuitos electrónicos: análisis y simulación},
  publisher = 	 {Prentice Hall},
  year = 	 1996
}


@Book{Boylestad,
  author =       {Boylestad, R. Naschelsky, L.},
  title =        {Electrónica: Teoría de Circuitos y dispositivos electrónicos},
  publisher = 	 {Pearson},
  year = 	 2009,
  edition =	 {10ma}
}

@Book{Gray1995,
  author =       {Paul R. Gray and Rober G. Meyer},
  title =        {Análisis y Diseño de Circuitos Integrados Analógicos},
  publisher =    {Prentice-Hall},
  year =         1995,
  edition =      {3ra}
}

@Book{Horowitz1989,
author = {Horowitz, P. and Hill, W.},
title = {The Art of Electronics},
year = {1989},
isbn = {0521370957},
publisher = {Cambridge University Press},
address = {USA}
}